<collection xmlns="http://www.loc.gov/MARC21/slim"><record><leader>00636nam  2200181   450</leader><controlfield tag="001">797</controlfield><controlfield tag="003">http://montalegre.opacnet.com/OPAC/default.aspx?ContentAreaControl=ShowRegHoldings.ascx&amp;RegNo=16662</controlfield><controlfield tag="005">20</controlfield><datafield tag="100" ind1=" " ind2=" "><subfield code="a">20061013d1973    km y0pory010305  ba</subfield></datafield><datafield tag="101" ind1="1" ind2=" "><subfield code="a">por</subfield><subfield code="c">spa</subfield></datafield><datafield tag="102" ind1=" " ind2=" "><subfield code="a">PT</subfield></datafield><datafield tag="200" ind1="1" ind2=" "><subfield code="a">História secreta de uma novela</subfield><subfield code="f">Mário Vargas Llosa</subfield><subfield code="g">trad. António José Massano</subfield></datafield><datafield tag="210" ind1=" " ind2=" "><subfield code="a">Lisboa</subfield><subfield code="c">Assírio &amp; Alvim</subfield><subfield code="d">1973</subfield></datafield><datafield tag="215" ind1=" " ind2=" "><subfield code="a">65, [3] p.</subfield><subfield code="d">16 cm</subfield></datafield><datafield tag="675" ind1=" " ind2=" "><subfield code="a">821.134.2(7/8)</subfield></datafield><datafield tag="700" ind1=" " ind2="1"><subfield code="a">Vargas Llosa</subfield><subfield code="b">Jorge Mario Pedro</subfield><subfield code="f">1936-</subfield></datafield><datafield tag="801" ind1=" " ind2="0"><subfield code="a">PT</subfield><subfield code="b">Biblioteca Municipal de Montalegre</subfield><subfield code="g">RPC</subfield></datafield><datafield tag="856" ind1=" " ind2=" "><subfield code="u">locateMedia.asp?cod=20060622120225&amp;ext=jpg</subfield><subfield code="z">CAPA</subfield></datafield><datafield tag="909" ind1="&#9;" ind2=" "><subfield code="a">1</subfield></datafield><datafield tag="966" ind1=" " ind2=" "><subfield code="a">0008948</subfield><subfield code="l">BMM</subfield><subfield code="s">SCG 821.134.2(7/8) VAR his</subfield></datafield></record></collection>